<?xml version="1.0" encoding="UTF-8"?><collection xmlns="http://www.loc.gov/MARC21/slim"><record><leader>00407nam--2200157-i-4500</leader><controlfield tag="001">000025177</controlfield><controlfield tag="002">20161230</controlfield><controlfield tag="005">20170108210605</controlfield><controlfield tag="008">060222s1000------------r-----000-0-eng-d</controlfield><datafield ind1=" " ind2=" " tag="080"><subfield code="a">68L.324</subfield></datafield><datafield ind1=" " ind2=" " tag="100"><subfield code="a">Abbott, Joe</subfield></datafield><datafield ind1=" " ind2=" " tag="245"><subfield code="a">Presentation of computer 1/0 for people</subfield></datafield><datafield ind1=" " ind2=" " tag="260"><subfield code="a">Oxford</subfield><subfield code="b">The National Computing Centre Limited</subfield><subfield code="c">1983</subfield></datafield><datafield ind1=" " ind2=" " tag="300"><subfield code="a">116 p</subfield></datafield><datafield ind1=" " ind2=" " tag="852"><subfield code="a">72456</subfield></datafield><datafield ind1=" " ind2=" " tag="CAT"><subfield code="a">SYS</subfield><subfield code="c">20170108</subfield><subfield code="h">210605</subfield></datafield></record></collection>